<record><leader>00000cas a22000007a 4500</leader><controlfield tag="001">16907755</controlfield><controlfield tag="008">871028c19869999nyudn ne      0   d0jpn d</controlfield><datafield ind1=" " ind2=" " tag="010"><subfield code="a">sn 89000046 </subfield></datafield><datafield ind1=" " ind2=" " tag="040"><subfield code="a">MTH</subfield><subfield code="b">eng</subfield><subfield code="c">MTH</subfield><subfield code="d">NSD</subfield><subfield code="d">NST</subfield><subfield code="d">NSD</subfield><subfield code="d">WAU</subfield><subfield code="d">IUL</subfield><subfield code="d">CUI</subfield><subfield code="d">DLC</subfield><subfield code="d">OCLCQ</subfield><subfield code="d">UKMGB</subfield><subfield code="d">OCLCQ</subfield><subfield code="d">OCLCF</subfield><subfield code="d">LIP</subfield><subfield code="d">XFH</subfield></datafield><datafield ind1=" " ind2=" " tag="066"><subfield code="c">$1</subfield></datafield><datafield ind1=" " ind2=" " tag="012"><subfield code="i">9208</subfield><subfield code="m">0</subfield></datafield><datafield ind1="7" ind2=" " tag="016"><subfield code="a">014873510</subfield><subfield code="2">Uk</subfield></datafield><datafield ind1=" " ind2=" " tag="019"><subfield code="a">990610103</subfield><subfield code="a">994452580</subfield></datafield><datafield ind1="0" ind2=" " tag="022"><subfield code="a">1045-5094</subfield><subfield code="l">1045-5094</subfield><subfield code="2">1</subfield></datafield><datafield ind1="1" ind2=" " tag="029"><subfield code="a">AU@</subfield><subfield code="b">000015563741</subfield></datafield><datafield ind1="1" ind2=" " tag="029"><subfield code="a">ZWZ</subfield><subfield code="b">04026470X</subfield></datafield><datafield ind1=" " ind2=" " tag="037"><subfield code="b">Asahi Shimbun International, Inc., 757 3rd Ave., New York, NY 10017</subfield></datafield><datafield ind1=" " ind2=" " tag="042"><subfield code="a">nsdp</subfield><subfield code="a">msc</subfield></datafield><datafield ind1=" " ind2=" " tag="043"><subfield code="a">a-ja---</subfield><subfield code="a">n-us-ny</subfield></datafield><datafield ind1="1" ind2="4" tag="050"><subfield code="a">AN</subfield></datafield><datafield ind1="1" ind2="0" tag="082"><subfield code="a">059</subfield><subfield code="2">11</subfield></datafield><datafield ind1="0" ind2=" " tag="130"><subfield code="6">880-01</subfield><subfield code="a">Asahi shinbun (International satellite ed.)</subfield></datafield><datafield ind1=" " ind2="0" tag="222"><subfield code="a">Asahi shinbun</subfield><subfield code="b">(International satellite ed.)</subfield></datafield><datafield ind1="1" ind2="0" tag="245"><subfield code="6">880-02</subfield><subfield code="a">Asahi shinbun =</subfield><subfield code="b">Asahi shimbun.</subfield></datafield><datafield ind1="3" ind2="1" tag="246"><subfield code="a">Asahi shimbun</subfield></datafield><datafield ind1=" " ind2=" " tag="250"><subfield code="a">International satellite ed.</subfield></datafield><datafield ind1=" " ind2=" " tag="260"><subfield code="a">New York :</subfield><subfield code="b">Asahi Shimbun International, Inc.</subfield></datafield><datafield ind1=" " ind2=" " tag="300"><subfield code="a">v. :</subfield><subfield code="b">ill. ;</subfield><subfield code="c">53 cm.</subfield></datafield><datafield ind1=" " ind2=" " tag="310"><subfield code="a">Daily (except holidays)</subfield></datafield><datafield ind1="1" ind2=" " tag="362"><subfield code="a">Began in 1986.</subfield></datafield><datafield ind1=" " ind2=" " tag="588"><subfield code="a">Description based on: 36547-go&#772; (Sho&#772;wa 62-nen 10-gatsu 9-nichi [Oct. 9, 1987]).</subfield></datafield><datafield ind1=" " ind2=" " tag="588"><subfield code="a">Latest issue consulted: Issue no. 37188 (1989-nen 7-gatsu 25-nichi).</subfield></datafield><datafield ind1=" " ind2="0" tag="651"><subfield code="a">Tokyo (Japan)</subfield><subfield code="v">Newspapers.</subfield></datafield><datafield ind1=" " ind2="0" tag="651"><subfield code="a">New York (N.Y.)</subfield><subfield code="v">Newspapers.</subfield></datafield><datafield ind1=" " ind2="7" tag="655"><subfield code="a">Newspapers.</subfield><subfield code="2">fast</subfield><subfield code="0">(OCoLC)fst01423814</subfield></datafield><datafield ind1=" " ind2="7" tag="651"><subfield code="a">Japan</subfield><subfield code="z">Tokyo.</subfield><subfield code="2">fast</subfield><subfield code="0">(OCoLC)fst01204835</subfield></datafield><datafield ind1=" " ind2="7" tag="651"><subfield code="a">New York (State)</subfield><subfield code="z">New York.</subfield><subfield code="2">fast</subfield><subfield code="0">(OCoLC)fst01204333</subfield></datafield><datafield ind1=" " ind2=" " tag="752"><subfield code="a">Japan</subfield><subfield code="d">Tokyo.</subfield></datafield><datafield ind1=" " ind2=" " tag="752"><subfield code="a">United States</subfield><subfield code="b">New York</subfield><subfield code="c">New York</subfield><subfield code="d">New York.</subfield></datafield><datafield ind1="0" ind2=" " tag="775"><subfield code="6">880-03</subfield><subfield code="t">Asahi shinbun</subfield><subfield code="w">(DLC)sn 85022159</subfield><subfield code="w">(OCoLC)1514400</subfield></datafield><datafield ind1=" " ind2=" " tag="850"><subfield code="a">InLP</subfield></datafield><datafield ind1="0" ind2=" " tag="880"><subfield code="6">130-01/$1</subfield><subfield code="a">&#26397;&#26085;&#26032;&#32862; (International satellite ed.)</subfield></datafield><datafield ind1="1" ind2="0" tag="880"><subfield code="6">245-02/$1</subfield><subfield code="a">&#26397;&#26085;&#26032;&#32862; =</subfield><subfield code="b">Asahi shimbun.</subfield></datafield><datafield ind1="0" ind2=" " tag="880"><subfield code="6">775-03/$1</subfield><subfield code="t">&#26397;&#26085;&#26032;&#32862;</subfield><subfield code="w">(DLC)sn 85022159</subfield><subfield code="w">(OCoLC)1514400</subfield></datafield></record>